% Copyright 2011, Marcin Baliński

@book{ruby_way,
    author =    "Hal Fulton",
    title =     "Ruby Tao Programowania w 400 Przykładach",
    publisher = "Helion",
    year =      2008
}

@book{rspec_book,
    author =    "David Chelimsky and Dave Astels and Zach Dennis and Aslak Hellesøy and Bryan Helmkamp and Dan North",
    title =     "The RSpec Book: Behaviour-Driven Development with RSpec, Cucumber, and Friends",
    publisher = "Pragmatic Bookshelf",
    year =      2009
}

@book{pragmatic_programmer,
    author =    "Andrew Hunt and David Thomas",
    title =     "The Pragmatic Programmer",
    publisher = "Addison Wesley",
    year =      1999
}

@misc{wiki_test_automation,
    title =     "Test automation",
    author = "Wikipedia",
    year =      2011,
    howpublished = "\url{http://en.wikipedia.org/wiki/Test_automation}"
}

@misc{wiki_scrum,
    title =     "Scrum (development)",
    author = "Wikipedia",
    year =      2011,
    howpublished = "\url{http://en.wikipedia.org/wiki/Scrum_(development)}"
}

@misc{test_unit,
    title =     "Test::Unit Documentation",
    year =      2011,
    howpublished = "\url{http://test-unit.rubyforge.org/test-unit/}"
}

@misc{rspec,
    title =     "RSpec Documentation",
    year =      2011,
    howpublished = "\url{http://rspec.info/}"
}

@misc{cucumber,
    title =     "Cucumber Documentation",
    year =      2011,
    howpublished = "\url{http://github.com/cucumber/cucumber/wiki}"
}
