% Copyright 2010, Piotr Jakubowski

@book{ruby01,
    author =    "David Flanagan and Yukihiro Matsumoto",
    title =     "The Ruby Programming Language",
    publisher = "O'Reilly Media, Inc",
    year =      2008,
}

@book{ruby02,
    author = "Paolo Perrotta",
    title = "Metaprogramming Ruby: Program Like the Ruby Pros",
    publisher = "Pragmatic Bookshelf",
    year = 2010,
}

@book{ruby03,
  author = "Gregory T. Brown",
  title = "Ruby Best Practices",
  publisher = "O'Reilly Media, Inc",
  year = 2009
}

@book{rspec,
  author = "David Chelimsky and Dave Astels and Zach Dennis and Aslak Helles√∏y and Bryan Helmkamp and Dan North",
  title = "The RSpec Book: Behaviour-Driven Development with RSpec, Cucumber, and Friends",
  publisher = "Pragmatic Bookshelf",
  year = 2009
}

@book{testing,
  author = "Steve Freeman and Nat Pryce",
  title = "Growing Object-Oriented Software, Guided By Tests",
  publisher = "Pearson Education",
  year = 2010
}

@book{rest,
  author = "Leonard Richardson and Sam Ruby",
  title = "RESTful Web Services",
  publisher = "O'Reilly Media, Inc",
  year = 2007
}

@book{agile,
  author = "Mike Cohn",
  title = "Succeding with Agile: Software Development using Scrum",
  publisher = "Addison Wesley",
  year = 2009
}